=LDR  02123cas a2200577 i 4500
=001  017852258
=003  Uk
=005  20210920123036.0
=006  m\\\\\\\\d\|\\\\\\
=007  cr||||||||||||
=008  160519c20169999enkqr\p\o\\\\\0\\\a0eng\\
=FMT  \\$a  SE
=022  0\$a2398-354X$202
=040  \\$aUk$beng$cUk$erda
=042  \\$aissnuk$aukblsr
=082  04$a338.7698$223
=222  \0$aTomorrow's tile & stone
=245  00$aTomorrow's tile & stone.
=246  3\$aTomorrow's tile and stone
=246  30$aTile & stone
=264  \1$aMacclesfield :$bOpus Business Media Ltd
=300  \\$billustrations (colour)
=310  \\$aQuarterly
=336  \\$atext$2rdacontent
=337  \\$acomputer$2rdamedia
=338  \\$aonline resource$2rdacarrier
=362  0\$aIssue 01-
=500  \\$aTitle from PDF cover (publisher's Web site, viewed January 17, 2017).
=588  \\$aLatest issue consulted: issue 03 [November 2016] (viewed, January 17, 2017).
=500  \\$aHas annual supplement: Tomorrow's tile & stone awards.
=650  \0$aTiles$vPeriodicals.
=650  \0$aCeramic industries$zGreat Britain$vPeriodicals.
=650  \0$aCeramic industries$vPeriodicals.
=650  \0$aStone industry and trade$zGreat Britain$vPeriodicals.
=650  \0$aStone industry and trade$vPeriodicals.
=690  7\$aManagement and Business Studies$2blcoll
=856  4\$ahttp://www.tomorrowstileandstone.co.uk/$zFollow links to resource
=856  40$uhttp://content.yudu.com/web/1jybr/0A1vxp9/TTS02/flash/resources/index.htm
=859  \\$aELD$bejournal
=852  41$aBritish Library$bHMNTS
=852  41$aBritish Library$bHMNTS$jELD Digital store$3Issue 8(2017)-
=CAT  \\$a10973$b40$c20160519$lBLL01$h1030
=CAT  \\$a8124$b40$c20161013$lBLL01$h0728
=CAT  \\$a8483$b40$c20170117$lBLL01$h1151
=CAT  \\$a11450$b40$c20170118$lBLL01$h0909
=CAT  \\$aBATCH-MBS$c20170127$lBLL01$h2113
=CAT  \\$a8483$b40$c20210908$lBLL01$h1352
=CAT  \\$a14586$b40$c20210920$lBLL01$h1230
=FIN  \\$aY$d20161013
=LET  \0$aTomorrow's tile & stone (Electronic)
=LAS  \\$a14586$b40$c20210920$lBLL01$h1230

