=LDR  04627cas a2201021 a 4500
=001  007196509
=003  Uk
=005  20221231143243.0
=006  m\\\\\\\\d\|\\\\\\
=007  cr\cn\||||||||
=008  040416c19959999enkqr\p\o\\\\\0\\\a0eng\\
=FMT  \\$a  SE
=015  \\$aGBB407627$2bnb
=022  0\$a1448-6083$202
=037  \\$aBL_13233580$bPortico$nCambridge University Press
=037  3\$aISSN_13233580_30$bPortico$nCambridge University Press
=040  \\$aUk$beng$cUk$dUk
=042  \\$aukblsr$aissnuk
=082  04$a520.5$222
=130  0\$aPublications of the Astronomical Society of Australia (Online)
=222  \0$aPublications of the Astronomical Society of Australia
=245  10$aPublications of the Astronomical Society of Australia$h[electronic resource] :$bPASA.
=246  30$aPASA
=260  \\$aCollingwood, Vic. :$bCSIRO Publishing
=260  3\$32013-$aCambridge :$bCambridge University Press
=310  \\$aQuarterly
=336  \\$atext$2rdacontent
=337  \\$acomputer$2rdamedia
=338  \\$aonline resource$2rdacarrier
=362  1\$aPrint began with vol. 12, no. 1 (Apr. 1995).
=538  \\$aMode of access: World Wide Web.
=580  \\$aTo 2001 also issued in print.
=500  \\$aDescription based on: vol. 18, no. 1 (2001); title from home page (viewed on 16 Mar. 2005).
=540  \\$aBritish Library not licensed to copy$c0$5Uk
=610  20$aAstronomical Society of Australia$vPeriodicals.
=650  \0$aAstronomy$vPeriodicals.
=650  \0$aSouthern sky (Astronomy)$vPeriodicals.
=650  \0$aAstrophysics$vPeriodicals.
=710  2\$aAstronomical Society of Australia.
=780  00$tElectronic publications of the Astronomical Society of Australia
=776  1\$aAstronomical Society of Australia.$tPublications$x1323-3580
=859  \\$aELD$bejournal
=856  40$uhttp://journals.cambridge.org/action/displayJournal?jid=pas
=856  40$uhttp://www.publish.csiro.au/?nid=138$zFor subscribers only, requires user name and password for access to abstracts and full text; BL Reading Room access only
=852  41$aBritish Library$bHMNTS$jELD Digital store$3Volume 31(2014)-***Previous issues available in print copy
=852  41$aBritish Library$bSTI
=945  \\$aPUBLICATIONS- ASTRONOMICAL SOCIETY OF AUSTRALIA.
=979  \\$aBritish Library$bDSC$j7027.800000
=985  \\$aISSN UK Centre: ISSN responsibility transferred from ISSN Australia to ISSN UK Centre, 10/12/12. Tansfer completed on basis of first articles of Vol. 30 (2013), 28/01/13
=A02  \\$a3003432$z0
=CAT  \\$aCONV$b00$c20040425$lBLL90$h0713
=CAT  \\$a10806$b40$c20130128$lBLL01$h1147
=CAT  \\$a10806$b40$c20130128$lBLL01$h1151
=CAT  \\$a5552$b40$c20131030$lBLL01$h1148
=CAT  \\$a8464$b40$c20131219$lBLL01$h1431
=CAT  \\$a8464$b40$c20131219$lBLL01$h1432
=CAT  \\$a11316$b40$c20140121$lBLL01$h0900
=CAT  \\$a14112$b40$c20140212$lBLL01$h1329
=CAT  \\$aWR14_097$c20140704$lBLL01$h1704
=CAT  \\$aBLDSS-3PM$b00$c20141208$lBLL01$h1622
=CAT  \\$aBATCH-UPD$b00$c20160413$lBLL01$h1801
=CAT  \\$aBATCH-UPD$b00$c20160524$lBLL01$h2233
=CAT  \\$aBATCH-UPD$b00$c20160525$lBLL01$h0337
=CAT  \\$a5552$b40$c20170224$lBLL01$h1335
=CAT  \\$aW1711-1005$c20171206$lBLL01$h1814
=CAT  \\$a11033$b40$c20180222$lBLL01$h1451
=CAT  \\$aW1902-1304$c20190314$lBLL01$h1237
=CAT  \\$aBATCH-UPD$b00$c20190314$lBLL01$h1616
=CAT  \\$aIPL-CLA$c20190331$lBLL01$h1721
=CAT  \\$aDEL-3PM$c20190409$lBLL01$h0903
=CAT  \\$aBATCH-CLA$b00$c20190621$lBLL01$h1543
=CAT  \\$aIPL-CLA$c20190630$lBLL01$h1524
=CAT  \\$aBATCH-CLA$b00$c20210328$lBLL01$h1328
=CAT  \\$aIPL-CLA$c20210331$lBLL01$h1654
=CAT  \\$aBATCH-CLA$b00$c20221206$lBLL01$h1802
=CAT  \\$aIPL-CLA$c20221231$lBLL01$h1432
=CFI  0\$aBritish Library not licensed to copy$c0$e01-jan-2023$hC$iCFP Excluded$5Uk
=CFI  2\$aPrevious Copyright Fee: GBP22.50$c0$e01-apr-2021$fGBP22.50$g0$hC$5Uk
=FIN  \\$aY$d20050405
=LKR  \\$aPAR$b012759313$lBLL01$r776$mPublications of the Astronomical Society of Australia : PASA (Online)$nPublications - Astronomical Society of Australia (Print)
=MNI  \\$a1323-3580
=SRC  \\$aDSS03$bbibsr.200404.2.aa
=TCO  \\$aAUS$bCAL$c008
=TOC  \\$aETOC
=ACF  \\$aPrevious copyright fee: GBP45.00$c43\0$e30-oct-2013$fGBP45.00$g0$hP$5Uk
=ACF  \\$aPrevious Copyright Fee: GBP17.50$c0$e01-apr-2019$fGBP17.50$g0$hA$5Uk
=ACF  \\$aPrevious Copyright Fee: GBP10.00$c0$e01-jul-2019$fGBP10.00$g0$hC$5Uk
=LAS  \\$aIPL-CLA$b00$c20221231$lBLL01$h1432

