=LDR  02709cas a2200673 i 4500
=001  016626068
=003  Uk
=005  20150818135051.0
=006  m\\\\\|\\d\|\\\\\\
=007  cr\|||||||||||
=008  070417c201u9999enkqr\p\o\\\\\0\\\a0eng\\
=FMT  \\$a  SE
=015  \\$aGBB415593$2bnb
=022  0\$a2396-5339$y1754-4068$202
=037  \\$aSSTH18$bBusiness Monitor International
=040  \\$aUk$beng$cUk$dUk$erda
=042  \\$aukblsr$aissnuk
=082  04$a333.79320959305$223
=222  \0$aThailand power report$b(Online)
=245  00$aThailand power report :$bincludes 10-year forecasts to ... /$cBusiness Monitor International.
=264  \1$aLondon :$bBusiness Monitor International,$c[2013?]-
=300  \\$billustrations (black and white).
=310  \\$aQuarterly
=336  \\$atext$2rdacontent
=337  \\$acomputer$2rdamedia
=338  \\$aonline resource$2rdacarrier
=490  1\$aIndustry report & forecasts series
=500  \\$aSubtitle varies.
=588  \\$aDescription based on print version record.
=588  \\$aLatest issue consulted: 2013/Q1.
=540  \\$aCurrent Copyright Fee: GBP100.00$c0$5Uk
=650  \0$aElectric power production$zThailand$vForecasting$vPeriodicals.
=650  \0$aElectric power production$zThailand$vPeriodicals.
=650  \0$aMarket surveys$zThailand$vPeriodicals.
=710  2\$aBusiness Monitor International,$eissuing body.
=776  08$iPrint version, -<2013>:$tThailand power report$x1754-4068
=830  \0$aIndustry report & forecasts series.
=856  4\$uwww.bmiresearch.com$zTo subscribe
=856  4\$uwww.businessmonitor.com
=859  \\$aELD$bejournal
=852  41$aBritish Library$bSTI$cBIPC$jELD Digital store$3Quarter 1(2013)-***Previous issues available in print copy
=852  \\$aBritish Library$bSTI
=CAT  \\$aWR13_103$c20140211$lBLL01$h1600
=CAT  \\$aBATCH-CLA$b00$c20140228$lBLL01$h1619
=CAT  \\$aIPL-CLA$c20140331$lBLL01$h1643
=CAT  \\$aWR14.047$c20140417$lBLL01$h1647
=CAT  \\$aWRBMI_003$c20140525$lBLL01$h1533
=CAT  \\$aWR14_114$c20140818$lBLL01$h1743
=CAT  \\$a11315$b40$c20150818$lBLL01$h1347
=CAT  \\$a11315$b40$c20150818$lBLL01$h1350
=CAT  \\$aWR15_120$c20150910$lBLL01$h1828
=CAT  \\$aW1711-1005$c20171206$lBLL01$h1826
=CFI  0\$aCurrent Copyright Fee: GBP100.00$c0$e01-apr-2014$fGBP100.00$g0$hC$5Uk
=CFI  2\$aPrevious Copyright Fee: GBP12.00$c0$e01-oct-2013$fGBP12.00$g0$hC$5Uk
=FIN  \\$aY$d20140208
=LET  \0$aThailand power report (Electronic)
=LKR  \\$aPAR$b013715048$lBLL01$nThailand power report (Print)$mThailand power report (Online)$r776
=MNI  \\$a1754-4068
=LAS  \\$aW1711-1005$b00$c20171206$lBLL01$h1826

