=LDR  03434cas a2200781 a 4500
=001  014748077
=003  Uk
=005  20190819121409.0
=006  m\\\\\o\\d\\\\\\\\
=007  cr\un|||||||||
=008  090602c20089999nyufr\p\o\g\\\|\\\a0eng\\
=FMT  \\$a  SE
=010  \\$a  2011202240
=015  \\$aGBB9E1028$2bnb
=022  0\$a1758-9584
=035  \\$a(OCoLC)368198667
=037  \\$aISSN_17589576$bPortico$nBerghahn Journals
=040  \\$aRCJ$beng$cRCJ$dDLC$dOCLCQ$dOCLCF$dOCLCQ$dDLC$dUk
=042  \\$aukblsr$ansdp
=082  04$a340.115$223
=222  \0$aJournal of legal anthropology$b(Online)
=245  00$aJournal of legal anthropology.
=246  13$aJLA
=260  \\$aSurbiton :$bAequitas
=260  \\$32008- <2018$aNew York, NY :$bAequitas Pub. Inc.
=260  3\$3<2018>-$aNew York :$bBerghahn Books
=310  \\$aSemiannual,$b2018-
=321  \\$aIrregular,$b-2017
=336  \\$atext$2rdacontent
=337  \\$acomputer$2rdamedia
=338  \\$aonline resource$2rdacarrier
=362  0\$aVol. 1, no. 1 (Nov. 2008)-
=500  \\$aTitle from caption (viewed on June 2, 2009).
=500  \\$aPublished also in Grand Turk, Turks and Caicos Islands in association with Anthropologies-in-translation.org, UK.
=515  \\$aGaps in publication between 2008 and 2018. Numbering sequence on the issues published to summer 2018 is: vol. 1, no. 1 (Nov. 2008); vol. 1, no. 2 (2010); vol. 1, no. 3 (2013); vol. 2, issue 1 (summer 2018). Volume numbering on Web site begins with volume 1 (2013), but contains issues from 2008 <viewed August 19, 2019>.
=538  \\$aMode of access: World Wide Web; requires PDF viewer to read articles.
=588  \\$aLatest issue consulted: volume 2, issue 2 (winter 2018) (Berghahn, viewed August 19, 2019).
=650  \0$aLaw and anthropology$vPeriodicals.
=650  \0$aLaw$vPeriodicals.
=650  \7$aLaw.$2fast$0(OCoLC)fst00993678
=650  \7$aLaw and anthropology.$2fast$0(OCoLC)fst00993892
=655  \7$aPeriodicals.$2fast$0(OCoLC)fst01411641
=776  08$iPrint version:$tJournal of legal anthropology$x1758-9576
=859  \\$aELD$bejournal
=856  40$uhttp://www.anthropologies-in-translation.org/index.php?option=com_content&view=category&layout=blog&id=64&Itemid=128$zsite not vaild Nov. 5, 2018
=856  40$uhttps://www.berghahnjournals.com/view/journals/jla/jla-overview.xml
=852  \\$aBritish Library$bHMNTS
=852  41$aBritish Library$bHMNTS$jELD Digital store$3Volume 3:Issue 1(2019)-
=985  \\$aISSN Responsibility for ISSN transferred to US ISSN Centre from ISSN UK Centre before completion, 17.02.2011
=CAT  \\$a11316$b40$c20080908$lBLL01$h1627
=CAT  \\$aBATCH$b00$c20081124$lBLL01$h1136
=CAT  \\$a11313$b40$c20090703$lBLL01$h0832
=CAT  \\$a11313$b40$c20110217$lBLL01$h1114
=CAT  \\$a11313$b40$c20110217$lBLL01$h1127
=CAT  \\$a11313$b40$c20110217$lBLL01$h1321
=CAT  \\$a15005$b40$c20190518$lBLL01$h1053
=CAT  \\$a15005$b40$c20190518$lBLL01$h1056
=CAT  \\$a14586$b40$c20190520$lBLL01$h1652
=CAT  \\$a3072$b40$c20190819$lBLL01$h1137
=CAT  \\$a3072$b40$c20190819$lBLL01$h1202
=CAT  \\$a3072$b40$c20190819$lBLL01$h1209
=CAT  \\$a3072$b40$c20190819$lBLL01$h1214
=FIN  \\$aY$d20190819
=LET  \0$aJournal of legal anthropology (Online)
=MNI  \\$a1758-9576
=SRC  \\$aBLL02
=TCO  \\$aCLA$bCLA$c008
=LAS  \\$a3072$b40$c20190819$lBLL01$h1214

